<?xml version="1.0" encoding="UTF-8"?>
<record xmlns="http://www.loc.gov/MARC21/slim">
   <leader>01494cam a2200301 a 4500</leader>
   <controlfield tag="001">862649</controlfield>
   <controlfield tag="003">NjP</controlfield>
   <controlfield tag="005">20190705142253.0</controlfield>
   <controlfield tag="008">940201s1877    le a          000 0cara d</controlfield>
   <datafield tag="024" ind1="7" ind2=" ">
      <subfield code="a">princeton_aco003737</subfield>
      <subfield code="2">local</subfield>
   </datafield>
   <datafield ind1=" " ind2=" " tag="040">
      <subfield code="a">NjP</subfield>
      <subfield code="c">PUL</subfield>
      <subfield code="d">PUL</subfield>
   </datafield>
   <datafield ind1=" " ind2=" " tag="035">
      <subfield code="a">(CStRLIN)NJPG94-B5786</subfield>
   </datafield>
   <datafield ind1=" " ind2=" " tag="035">
      <subfield code="9">CAY4943TS</subfield>
   </datafield>
   <datafield ind1=" " ind2=" " tag="035">
      <subfield code="a">(NjP)862649</subfield>
   </datafield>
   <datafield ind1=" " ind2=" " tag="049">
      <subfield code="a">PULL</subfield>
   </datafield>
   <datafield ind1=" " ind2=" " tag="035">
      <subfield code="a">(OCoLC)ocm29834573</subfield>
   </datafield>
   <datafield ind1="1" ind2=" " tag="100">
      <subfield code="6">880-01</subfield>
      <subfield code="a">Farm⁻aj, Buṭrus. Farmāj, Buṭrus.</subfield>
   </datafield>
   <datafield ind1="1" ind2="0" tag="245">
      <subfield code="6">880-02</subfield>
      <subfield code="a">Mur⁻uj al-akhy⁻ar f⁻i tar⁻ajim al-abr⁻ar /</subfield>
      <subfield code="c">taʼl⁻if al-Ab Buṭrus Farm⁻aj al-Yas⁻uʻ⁻i ; qad ḍabaṭa riw⁻ayatah wa-tammamah aḥad al-⁻Ab⁻aʼ al-Yas⁻uʻ⁻iy⁻in muq⁻abalan ʻalá kit⁻ab al-Bull⁻andist⁻iy⁻in.</subfield>
   </datafield>
   <datafield ind1=" " ind2=" " tag="260">
      <subfield code="6">880-03</subfield>
      <subfield code="a">Bayr⁻ut :</subfield>
      <subfield code="b">Maṭbaʻat al-⁻Ab⁻aʼ al-Mursal⁻in al-Yas⁻uʻ⁻iy⁻in,</subfield>
      <subfield code="c">1877</subfield>
   </datafield>
   <datafield ind1=" " ind2=" " tag="300">
      <subfield code="a">890 p. :</subfield>
      <subfield code="b">ill. ;</subfield>
      <subfield code="c">31 cm.</subfield>
   </datafield>
   <datafield ind1=" " ind2="0" tag="650">
      <subfield code="a">Christian Saints</subfield>
      <subfield code="x">Biography.</subfield>
   </datafield>
   <datafield ind1="1" ind2=" " tag="880">
      <subfield code="6">100-01/r</subfield>
      <subfield code="a">فرماج، بطرس.</subfield>
   </datafield>
   <datafield ind1="1" ind2="0" tag="880">
      <subfield code="6">245-02/r</subfield>
      <subfield code="a">مروج الاخيار في تراجم الابرار /</subfield>
      <subfield code="c">تأليف الاب بطرس فرماج اليسوعي ؛ قد ضبط روايتة وتممة احد الاباء اليسوعيين مقابلن على كتاب البلاندستيين.</subfield>
   </datafield>
   <datafield ind1=" " ind2=" " tag="880">
      <subfield code="6">260-03/r</subfield>
      <subfield code="a">بيروت :</subfield>
      <subfield code="b">مطبعة الاباء المرسلين اليسوعيين،</subfield>
      <subfield code="c">1877</subfield>
   </datafield>
   <datafield ind1=" " ind2=" " tag="998">
      <subfield code="a">02/08/94</subfield>
      <subfield code="s">9114</subfield>
      <subfield code="n">NjP</subfield>
      <subfield code="w">NJPG94B5786</subfield>
      <subfield code="d">02/01/94</subfield>
      <subfield code="c">AAH</subfield>
      <subfield code="b">JAB</subfield>
      <subfield code="i">940208</subfield>
      <subfield code="l">NJPG</subfield>
   </datafield>
   <datafield ind1=" " ind2=" " tag="911">
      <subfield code="a">19940217</subfield>
   </datafield>
   <datafield ind1=" " ind2=" " tag="912">
      <subfield code="a">19940208000000.0</subfield>
   </datafield>
   <datafield ind1=" " ind2=" " tag="994">
      <subfield code="a">C0</subfield>
      <subfield code="b">PUL</subfield>
   </datafield>
   <datafield ind1=" " ind2=" " tag="999">
      <subfield code="a">862649</subfield>
   </datafield>
   <datafield ind1=" " ind2=" " tag="979">
      <subfield code="a">(OCoLC)ocn176354918</subfield>
   </datafield>
   <datafield ind1="0" ind2="0" tag="852">
      <subfield code="0">983636</subfield>
      <subfield code="b">rcppa</subfield>
      <subfield code="t">1</subfield>
      <subfield code="h">BX4650</subfield>
      <subfield code="i">.F375 1877</subfield>
      <subfield code="x">tr fr anxa</subfield>
   </datafield>
   <datafield ind1=" " ind2=" " tag="959">
      <subfield code="a">2000-06-13 00:00:00 -0400</subfield>
   </datafield>
</record>
